<?xml version="1.0" encoding="UTF-8"?><record xmlns="http://www.loc.gov/MARC21/slim" xmlns:cinclude="http://apache.org/cocoon/include/1.0" xmlns:zs="http://www.loc.gov/zing/srw/">
  <leader>00772cz  a2200205n  4500</leader>
  <controlfield tag="001">nr 00021441 </controlfield>
  <controlfield tag="003">DLC</controlfield>
  <controlfield tag="005">20100526080143.0</controlfield>
  <controlfield tag="008">000630n| acannaabn          |a ana     c</controlfield>
  <datafield tag="010" ind1=" " ind2=" ">
    <subfield code="a">nr 00021441 </subfield>
  </datafield>
  <datafield tag="034" ind1=" " ind2=" ">
    <subfield code="d">E0110400</subfield>
    <subfield code="e">E0110400</subfield>
    <subfield code="f">N0114300</subfield>
    <subfield code="g">N0114300</subfield>
    <subfield code="2">geonet</subfield>
  </datafield>
  <datafield tag="035" ind1=" " ind2=" ">
    <subfield code="a">(OCoLC)oca05252511</subfield>
  </datafield>
  <datafield tag="040" ind1=" " ind2=" ">
    <subfield code="a">CSt</subfield>
    <subfield code="b">eng</subfield>
    <subfield code="c">CSt</subfield>
    <subfield code="d">OCoLC</subfield>
  </datafield>
  <datafield tag="043" ind1=" " ind2=" ">
    <subfield code="a">f-nr---</subfield>
  </datafield>
  <datafield tag="151" ind1=" " ind2=" ">
    <subfield code="a">Potiskum (Nigeria)</subfield>
  </datafield>
  <datafield tag="451" ind1=" " ind2=" ">
    <subfield code="a">Putuskum (Nigeria)</subfield>
  </datafield>
  <datafield tag="670" ind1=" " ind2=" ">
    <subfield code="a">Journal of issues in technical teacher education, 1997:</subfield>
    <subfield code="b">t.p. (Potiskum, Yobe State, Nigeria)</subfield>
  </datafield>
  <datafield tag="670" ind1=" " ind2=" ">
    <subfield code="a">GEOnet, June 29, 2000</subfield>
    <subfield code="b">(Potiskum; PPL; 11°43ʹN 11°04ʹE; Putuskum is listed as a variant)</subfield>
  </datafield>
  <datafield tag="670" ind1=" " ind2=" ">
    <subfield code="a">Columbia Lippincott gazetteer, c1962</subfield>
    <subfield code="b">(Potiskum; town in NE Nigeria; formerly spelled Putuskum)</subfield>
  </datafield>
  <datafield tag="781" ind1=" " ind2="0">
    <subfield code="z">Nigeria</subfield>
    <subfield code="z">Potiskum</subfield>
  </datafield>
</record>